@misc{ wiki:csr,
    author = "{Wikipedia contributors}",
    title = "Cosmic ray --- {Wikipedia}{,} The Free Encyclopedia",
    year = "2019",
    url = "https://en.wikipedia.org/w/index.php?title=Cosmic_ray&oldid=903697121",
    note = "[Online; accessed 28-June-2019]"
  }
