@misc{ wiki:1,
    author 				= "{Wikipedia contributors}",
    title 				= "Arduino --- {Wikipedia}{,} The Free Encyclopedia",
    year 					= "2018",
    howpublished 	= "\url{https://en.wikipedia.org/w/index.php?title=Arduino&oldid=839287116}",
    note 					= "[Online; accessed 15-May-2018]"
  }

@misc{ arduino:1,
    author 				= "{Arduino}",
    title 				= "{Introduction to Arduino}",
    year 					= "2018",
    howpublished 	= "\url{https://www.arduino.cc/en/Guide/Introduction}",
    note 					= "[Online; accessed 15-May-2018]"
  }

@misc{ grove:1,
    author 				= "{Seeed}",
    title 				= "{Base Shield V2}",
    year 					= "2018",
    howpublished 	= "\url{https://www.seeedstudio.com/Base-Shield-V2-p-1378.html}",
    note 					= "[Online; accessed 15-May-2018]"
  }

@misc{ trans:1,
    author 				= "{Dan~Hutcheson}",
    title 				= "{A look at Moore's Law}",
    year 					= "2018",
    howpublished 	= "\url{https://spectrum.ieee.org/computing/hardware/transistor-production-has-reached-astronomical-scales}",
    note 					= "[Online; accessed 15-May-2018]"
  }

@misc{ wiki:2,
    author 				= "{Wikipedia contributors}",
    title 				= "Git --- {Wikipedia}{,} The Free Encyclopedia",
    year 					= "2018",
    howpublished 	= "\url{https://en.wikipedia.org/w/index.php?title=Git&oldid=840401990}",
    note 					= "[Online; accessed 16-May-2018]"
  }

@misc{ wiki:pid,
    author 				= "{Wikipedia contributors}",
    title 				= "PID controller --- {Wikipedia}{,} The Free Encyclopedia",
    year 					= "2018",
    howpublished 	= "\url{https://en.wikipedia.org/w/index.php?title=PID_controller&oldid=841844294}",
    note = 				"[Online; accessed 18-May-2018]"
  }

@book{ olsen,
  title			= {Electronics: A General Introduction for the Non-Specialist},
  author		= {Olsen, G.H.},
  isbn			= {9781489965356},
  year			= {2013},
  publisher	= {Springer US}
}